@ARTICLE{PIRL,
       author = {{Misra}, Ishan and {van der Maaten}, Laurens},
        title = "{Self-Supervised Learning of Pretext-Invariant Representations}",
      journal = {arXiv e-prints},
     keywords = {Computer Science - Computer Vision and Pattern Recognition, Computer Science - Machine Learning},
         year = 2019,
        month = dec,
          eid = {arXiv:1912.01991},
        pages = {arXiv:1912.01991},
archivePrefix = {arXiv},
       eprint = {1912.01991},
 primaryClass = {cs.CV},
       adsurl = {https://ui.adsabs.harvard.edu/abs/2019arXiv191201991M},
      adsnote = {Provided by the SAO/NASA Astrophysics Data System}
}

@ARTICLE{SimCLR,
       author = {{Chen}, Ting and {Kornblith}, Simon and {Norouzi}, Mohammad and {Hinton}, Geoffrey},
        title = "{A Simple Framework for Contrastive Learning of Visual Representations}",
      journal = {arXiv e-prints},
     keywords = {Computer Science - Machine Learning, Computer Science - Computer Vision and Pattern Recognition, Statistics - Machine Learning},
         year = 2020,
        month = feb,
          eid = {arXiv:2002.05709},
        pages = {arXiv:2002.05709},
archivePrefix = {arXiv},
       eprint = {2002.05709},
 primaryClass = {cs.LG},
       adsurl = {https://ui.adsabs.harvard.edu/abs/2020arXiv200205709C},
      adsnote = {Provided by the SAO/NASA Astrophysics Data System}
}

@ARTICLE{Multitask,
       author = {{Doersch}, Carl and {Zisserman}, Andrew},
        title = "{Multi-task Self-Supervised Visual Learning}",
      journal = {arXiv e-prints},
     keywords = {Computer Science - Computer Vision and Pattern Recognition},
         year = 2017,
        month = aug,
          eid = {arXiv:1708.07860},
        pages = {arXiv:1708.07860},
archivePrefix = {arXiv},
       eprint = {1708.07860},
 primaryClass = {cs.CV},
       adsurl = {https://ui.adsabs.harvard.edu/abs/2017arXiv170807860D},
      adsnote = {Provided by the SAO/NASA Astrophysics Data System}
}

@ARTICLE{MixMatch,
       author = {{Berthelot}, David and {Carlini}, Nicholas and {Goodfellow}, Ian and {Papernot}, Nicolas and {Oliver}, Avital and {Raffel}, Colin},
        title = "{MixMatch: A Holistic Approach to Semi-Supervised Learning}",
      journal = {arXiv e-prints},
     keywords = {Computer Science - Machine Learning, Computer Science - Artificial Intelligence, Computer Science - Computer Vision and Pattern Recognition, Statistics - Machine Learning},
         year = 2019,
        month = may,
          eid = {arXiv:1905.02249},
        pages = {arXiv:1905.02249},
archivePrefix = {arXiv},
       eprint = {1905.02249},
 primaryClass = {cs.LG},
       adsurl = {https://ui.adsabs.harvard.edu/abs/2019arXiv190502249B},
      adsnote = {Provided by the SAO/NASA Astrophysics Data System}
}


@ARTICLE{GAN,
       author = {{Goodfellow}, Ian J. and {Pouget-Abadie}, Jean and {Mirza}, Mehdi and {Xu}, Bing and {Warde-Farley}, David and {Ozair}, Sherjil and {Courville}, Aaron and {Bengio}, Yoshua},
        title = "{Generative Adversarial Networks}",
      journal = {arXiv e-prints},
     keywords = {Statistics - Machine Learning, Computer Science - Machine Learning},
         year = 2014,
        month = jun,
          eid = {arXiv:1406.2661},
        pages = {arXiv:1406.2661},
archivePrefix = {arXiv},
       eprint = {1406.2661},
 primaryClass = {stat.ML},
       adsurl = {https://ui.adsabs.harvard.edu/abs/2014arXiv1406.2661G},
      adsnote = {Provided by the SAO/NASA Astrophysics Data System}
}

@ARTICLE{resnet,
       author = {{He}, Kaiming and {Zhang}, Xiangyu and {Ren}, Shaoqing and {Sun}, Jian},
        title = "{Deep Residual Learning for Image Recognition}",
      journal = {arXiv e-prints},
     keywords = {Computer Science - Computer Vision and Pattern Recognition},
         year = 2015,
        month = dec,
          eid = {arXiv:1512.03385},
        pages = {arXiv:1512.03385},
archivePrefix = {arXiv},
       eprint = {1512.03385},
 primaryClass = {cs.CV},
       adsurl = {https://ui.adsabs.harvard.edu/abs/2015arXiv151203385H},
      adsnote = {Provided by the SAO/NASA Astrophysics Data System}
}

@inproceedings{mobile3,
title={Searching for mobilenetv3},
author={Sandler, Mark and Howard, Andrew and Chu, Grace and Chen, Bo and Chen, Liang-Chieh and Tan, Mingxing and Wang, Weijun and Zhu, Yukun and Pang, Ruoming and Vasudeyan, Vijay and Le, Quoc V. and Adam, Hartwig},
booktitle={Proceedings of the ICCV},
year={2019}
}

@inproceedings{efficientnet,
title={Efficientnet: Rethinking model scaling for convolutional neural networks},
author={Tan, Mingxing and Le, Quoc V.},
booktitle={Proceedings of the ICML},
year={2019}
}

@inproceedings{mnasnet,
title={Mnasnet: Platform-aware neural architecture search for mobile},
author={Sandler, Mark and Howard, Andrew and Chen, Bo and Tan, Mingxing and Pang, Ruoming and Vasudeyan, Vijay and Le, Quoc V.},
booktitle={Proceedings of the IEEE/CVF CVPR},
year={2019}
}

@inproceedings{mobile2,
title={Mobilenetv2: Inverted residuals and linear bottlenecks},
author={Sandler, Mark and Howard, Andrew and Zhu, Menglong and Zhmoginov, Andrey and Chen, Liang-Chieh},
booktitle={Proceedings of the IEEE/CVF CVPR},
year={2018}
}

@ARTICLE{gidaris,
       author = {{Gidaris}, Spyros and {Singh}, Praveer and {Komodakis}, Nikos},
        title = "{Unsupervised Representation Learning by Predicting Image Rotations}",
      journal = {arXiv e-prints},
     keywords = {Computer Science - Computer Vision and Pattern Recognition, Computer Science - Machine Learning},
         year = 2018,
        month = mar,
          eid = {arXiv:1803.07728},
        pages = {arXiv:1803.07728},
archivePrefix = {arXiv},
       eprint = {1803.07728},
 primaryClass = {cs.CV},
       adsurl = {https://ui.adsabs.harvard.edu/abs/2018arXiv180307728G},
      adsnote = {Provided by the SAO/NASA Astrophysics Data System}
}

@ARTICLE{zhangir,
       author = {{Sohn}, Kihyuk and {Berthelot}, David and {Li}, Chun-Liang and {Zhang}, Zizhao and {Carlini}, Nicholas and {Cubuk}, Ekin D. and {Kurakin}, Alex and {Zhang}, Han and {Raffel}, Colin},
        title = "{FixMatch: Simplifying Semi-Supervised Learning with Consistency and Confidence}",
      journal = {arXiv e-prints},
     keywords = {Computer Science - Machine Learning, Computer Science - Computer Vision and Pattern Recognition, Statistics - Machine Learning},
         year = 2020,
        month = jan,
          eid = {arXiv:2001.07685},
        pages = {arXiv:2001.07685},
archivePrefix = {arXiv},
       eprint = {2001.07685},
 primaryClass = {cs.LG},
       adsurl = {https://ui.adsabs.harvard.edu/abs/2020arXiv200107685S},
      adsnote = {Provided by the SAO/NASA Astrophysics Data System}
}

