@ARTICLE{PIRL,
       author = {{Misra}, Ishan and {van der Maaten}, Laurens},
        title = "{Self-Supervised Learning of Pretext-Invariant Representations}",
      journal = {arXiv e-prints},
     keywords = {Computer Science - Computer Vision and Pattern Recognition, Computer Science - Machine Learning},
         year = 2019,
        month = dec,
          eid = {arXiv:1912.01991},
        pages = {arXiv:1912.01991},
archivePrefix = {arXiv},
       eprint = {1912.01991},
 primaryClass = {cs.CV},
       adsurl = {https://ui.adsabs.harvard.edu/abs/2019arXiv191201991M},
      adsnote = {Provided by the SAO/NASA Astrophysics Data System}
}

@ARTICLE{SimCLR,
       author = {{Chen}, Ting and {Kornblith}, Simon and {Norouzi}, Mohammad and {Hinton}, Geoffrey},
        title = "{A Simple Framework for Contrastive Learning of Visual Representations}",
      journal = {arXiv e-prints},
     keywords = {Computer Science - Machine Learning, Computer Science - Computer Vision and Pattern Recognition, Statistics - Machine Learning},
         year = 2020,
        month = feb,
          eid = {arXiv:2002.05709},
        pages = {arXiv:2002.05709},
archivePrefix = {arXiv},
       eprint = {2002.05709},
 primaryClass = {cs.LG},
       adsurl = {https://ui.adsabs.harvard.edu/abs/2020arXiv200205709C},
      adsnote = {Provided by the SAO/NASA Astrophysics Data System}
}

@ARTICLE{Multitask,
       author = {{Doersch}, Carl and {Zisserman}, Andrew},
        title = "{Multi-task Self-Supervised Visual Learning}",
      journal = {arXiv e-prints},
     keywords = {Computer Science - Computer Vision and Pattern Recognition},
         year = 2017,
        month = aug,
          eid = {arXiv:1708.07860},
        pages = {arXiv:1708.07860},
archivePrefix = {arXiv},
       eprint = {1708.07860},
 primaryClass = {cs.CV},
       adsurl = {https://ui.adsabs.harvard.edu/abs/2017arXiv170807860D},
      adsnote = {Provided by the SAO/NASA Astrophysics Data System}
}

@ARTICLE{MixMatch,
       author = {{Berthelot}, David and {Carlini}, Nicholas and {Goodfellow}, Ian and {Papernot}, Nicolas and {Oliver}, Avital and {Raffel}, Colin},
        title = "{MixMatch: A Holistic Approach to Semi-Supervised Learning}",
      journal = {arXiv e-prints},
     keywords = {Computer Science - Machine Learning, Computer Science - Artificial Intelligence, Computer Science - Computer Vision and Pattern Recognition, Statistics - Machine Learning},
         year = 2019,
        month = may,
          eid = {arXiv:1905.02249},
        pages = {arXiv:1905.02249},
archivePrefix = {arXiv},
       eprint = {1905.02249},
 primaryClass = {cs.LG},
       adsurl = {https://ui.adsabs.harvard.edu/abs/2019arXiv190502249B},
      adsnote = {Provided by the SAO/NASA Astrophysics Data System}
}


@ARTICLE{GAN,
       author = {{Goodfellow}, Ian J. and {Pouget-Abadie}, Jean and {Mirza}, Mehdi and {Xu}, Bing and {Warde-Farley}, David and {Ozair}, Sherjil and {Courville}, Aaron and {Bengio}, Yoshua},
        title = "{Generative Adversarial Networks}",
      journal = {arXiv e-prints},
     keywords = {Statistics - Machine Learning, Computer Science - Machine Learning},
         year = 2014,
        month = jun,
          eid = {arXiv:1406.2661},
        pages = {arXiv:1406.2661},
archivePrefix = {arXiv},
       eprint = {1406.2661},
 primaryClass = {stat.ML},
       adsurl = {https://ui.adsabs.harvard.edu/abs/2014arXiv1406.2661G},
      adsnote = {Provided by the SAO/NASA Astrophysics Data System}
}

@ARTICLE{resnet,
       author = {{He}, Kaiming and {Zhang}, Xiangyu and {Ren}, Shaoqing and {Sun}, Jian},
        title = "{Deep Residual Learning for Image Recognition}",
      journal = {arXiv e-prints},
     keywords = {Computer Science - Computer Vision and Pattern Recognition},
         year = 2015,
        month = dec,
          eid = {arXiv:1512.03385},
        pages = {arXiv:1512.03385},
archivePrefix = {arXiv},
       eprint = {1512.03385},
 primaryClass = {cs.CV},
       adsurl = {https://ui.adsabs.harvard.edu/abs/2015arXiv151203385H},
      adsnote = {Provided by the SAO/NASA Astrophysics Data System}
}

@inproceedings{mobile3,
title={Searching for mobilenetv3},
author={Sandler, Mark and Howard, Andrew and Chu, Grace and Chen, Bo and Chen, Liang-Chieh and Tan, Mingxing and Wang, Weijun and Zhu, Yukun and Pang, Ruoming and Vasudeyan, Vijay and Le, Quoc V. and Adam, Hartwig},
booktitle={Proceedings of the ICCV},
year={2019}
}

@inproceedings{efficientnet,
title={Efficientnet: Rethinking model scaling for convolutional neural networks},
author={Tan, Mingxing and Le, Quoc V.},
booktitle={Proceedings of the ICML},
year={2019}
}

@inproceedings{mnasnet,
title={Mnasnet: Platform-aware neural architecture search for mobile},
author={Sandler, Mark and Howard, Andrew and Chen, Bo and Tan, Mingxing and Pang, Ruoming and Vasudeyan, Vijay and Le, Quoc V.},
booktitle={Proceedings of the IEEE/CVF CVPR},
year={2019}
}

@inproceedings{mobile2,
title={Mobilenetv2: Inverted residuals and linear bottlenecks},
author={Sandler, Mark and Howard, Andrew and Zhu, Menglong and Zhmoginov, Andrey and Chen, Liang-Chieh},
booktitle={Proceedings of the IEEE/CVF CVPR},
year={2018}
}

@ARTICLE{gidaris,
       author = {{Gidaris}, Spyros and {Singh}, Praveer and {Komodakis}, Nikos},
        title = "{Unsupervised Representation Learning by Predicting Image Rotations}",
      journal = {arXiv e-prints},
     keywords = {Computer Science - Computer Vision and Pattern Recognition, Computer Science - Machine Learning},
         year = 2018,
        month = mar,
          eid = {arXiv:1803.07728},
        pages = {arXiv:1803.07728},
archivePrefix = {arXiv},
       eprint = {1803.07728},
 primaryClass = {cs.CV},
       adsurl = {https://ui.adsabs.harvard.edu/abs/2018arXiv180307728G},
      adsnote = {Provided by the SAO/NASA Astrophysics Data System}
}

@ARTICLE{zhangir,
       author = {{Sohn}, Kihyuk and {Berthelot}, David and {Li}, Chun-Liang and {Zhang}, Zizhao and {Carlini}, Nicholas and {Cubuk}, Ekin D. and {Kurakin}, Alex and {Zhang}, Han and {Raffel}, Colin},
        title = "{FixMatch: Simplifying Semi-Supervised Learning with Consistency and Confidence}",
      journal = {arXiv e-prints},
     keywords = {Computer Science - Machine Learning, Computer Science - Computer Vision and Pattern Recognition, Statistics - Machine Learning},
         year = 2020,
        month = jan,
          eid = {arXiv:2001.07685},
        pages = {arXiv:2001.07685},
archivePrefix = {arXiv},
       eprint = {2001.07685},
 primaryClass = {cs.LG},
       adsurl = {https://ui.adsabs.harvard.edu/abs/2020arXiv200107685S},
      adsnote = {Provided by the SAO/NASA Astrophysics Data System}
}

@misc{shuffle,
  doi = {10.48550/ARXIV.1707.01083},
  
  url = {https://arxiv.org/abs/1707.01083},
  
  author = {Zhang, Xiangyu and Zhou, Xinyu and Lin, Mengxiao and Sun, Jian},
  
  keywords = {Computer Vision and Pattern Recognition (cs.CV), FOS: Computer and information sciences, FOS: Computer and information sciences},
  
  title = {ShuffleNet: An Extremely Efficient Convolutional Neural Network for Mobile Devices},
  
  publisher = {arXiv},
  
  year = {2017},
  
  copyright = {arXiv.org perpetual, non-exclusive license}
}

@article{50,
author = {Olshausen, Bruno and Field, David},
year = {1996},
month = {07},
pages = {607-9},
title = {Emergence of simple-cell receptive field properties by learning a sparse code for natural images},
volume = {381},
journal = {Nature},
doi = {10.1038/381607a0}
}

@article{11,
  author    = {Jeff Donahue and
               Philipp Kr{\"{a}}henb{\"{u}}hl and
               Trevor Darrell},
  title     = {Adversarial Feature Learning},
  journal   = {CoRR},
  volume    = {abs/1605.09782},
  year      = {2016},
  url       = {http://arxiv.org/abs/1605.09782},
  eprinttype = {arXiv},
  eprint    = {1605.09782},
  timestamp = {Mon, 13 Aug 2018 16:47:08 +0200},
  biburl    = {https://dblp.org/rec/journals/corr/DonahueKD16.bib},
  bibsource = {dblp computer science bibliography, https://dblp.org}
}

@INPROCEEDINGS{Masci11stackedconvolutional,
    author = {Jonathan Masci and Ueli Meier and Jürgen Schmidhuber},
    title = {Stacked convolutional auto-encoders for hierarchical feature extraction},
    booktitle = {In International Conference on Artificial Neural Networks},
    year = {2011}
}

@article{59,
author = {Salakhutdinov, Ruslan and Hinton, Geoffrey},
year = {2009},
month = {01},
pages = {448â455},
title = {Deep Boltzmann Machines},
volume = {5},
journal = {Proceedings of AISTATS 2009}
}

@misc{9,
  doi = {10.48550/ARXIV.1505.05192},
  
  url = {https://arxiv.org/abs/1505.05192},
  
  author = {Doersch, Carl and Gupta, Abhinav and Efros, Alexei A.},
  
  keywords = {Computer Vision and Pattern Recognition (cs.CV), FOS: Computer and information sciences, FOS: Computer and information sciences},
  
  title = {Unsupervised Visual Representation Learning by Context Prediction},
  
  publisher = {arXiv},
  
  year = {2015},
  
  copyright = {arXiv.org perpetual, non-exclusive license}
}

@article{pirl1,
  author={Ahsan, Unaiza and Madhok, Rishi and Essa, Irfan},
  booktitle={2019 IEEE Winter Conference on Applications of Computer Vision (WACV)}, 
  title={Video Jigsaw: Unsupervised Learning of Spatiotemporal Context for Video Action Recognition}, 
  year={2019},
  volume={},
  number={},
  pages={179-189},
  doi={10.1109/WACV.2019.00025}}

@article{pirl9,
  author    = {Carl Doersch and
               Abhinav Gupta and
               Alexei A. Efros},
  title     = {Unsupervised Visual Representation Learning by Context Prediction},
  journal   = {CoRR},
  volume    = {abs/1505.05192},
  year      = {2015},
  url       = {http://arxiv.org/abs/1505.05192},
  eprinttype = {arXiv},
  eprint    = {1505.05192},
  timestamp = {Fri, 05 Apr 2019 07:29:46 +0200},
  biburl    = {https://dblp.org/rec/journals/corr/DoerschGE15.bib},
  bibsource = {dblp computer science bibliography, https://dblp.org}
}

@article{pirl76,
  author    = {Liheng Zhang and
               Guo{-}Jun Qi and
               Liqiang Wang and
               Jiebo Luo},
  title     = {{AET} vs. {AED:} Unsupervised Representation Learning by Auto-Encoding
               Transformations rather than Data},
  journal   = {CoRR},
  volume    = {abs/1901.04596},
  year      = {2019},
  url       = {http://arxiv.org/abs/1901.04596},
  eprinttype = {arXiv},
  eprint    = {1901.04596},
  timestamp = {Fri, 01 Feb 2019 13:39:59 +0100},
  biburl    = {https://dblp.org/rec/journals/corr/abs-1901-04596.bib},
  bibsource = {dblp computer science bibliography, https://dblp.org}
}

@article{pirl22,  author={Hadsell, R. and Chopra, S. and LeCun, Y.},  booktitle={2006 IEEE Computer Society Conference on Computer Vision and Pattern Recognition (CVPR'06)},   title={Dimensionality Reduction by Learning an Invariant Mapping},   year={2006},  volume={2},  number={},  pages={1735-1742},  doi={10.1109/CVPR.2006.100}}

@article{pirl23,
  author    = {Tengda Han and
               Weidi Xie and
               Andrew Zisserman},
  title     = {Video Representation Learning by Dense Predictive Coding},
  journal   = {CoRR},
  volume    = {abs/1909.04656},
  year      = {2019},
  url       = {http://arxiv.org/abs/1909.04656},
  eprinttype = {arXiv},
  eprint    = {1909.04656},
  timestamp = {Tue, 17 Sep 2019 11:23:44 +0200},
  biburl    = {https://dblp.org/rec/journals/corr/abs-1909-04656.bib},
  bibsource = {dblp computer science bibliography, https://dblp.org}
}

@article{pirl64,
  author    = {Yonglong Tian and
               Dilip Krishnan and
               Phillip Isola},
  title     = {Contrastive Multiview Coding},
  journal   = {CoRR},
  volume    = {abs/1906.05849},
  year      = {2019},
  url       = {http://arxiv.org/abs/1906.05849},
  eprinttype = {arXiv},
  eprint    = {1906.05849},
  timestamp = {Mon, 24 Jun 2019 17:28:45 +0200},
  biburl    = {https://dblp.org/rec/journals/corr/abs-1906-05849.bib},
  bibsource = {dblp computer science bibliography, https://dblp.org}
}

@misc{stl10,
    author = {Stanford},
    title = {STL-10 Dataset},
    url = {http://cs.stanford.edu/~acoates/stl10}
}